@article{zerbino2008velvet,
  title={Velvet: algorithms for de novo short read assembly using de Bruijn graphs},
  author={Zerbino, Daniel R and Birney, Ewan},
  journal={Genome research},
  volume={18},
  number={5},
  pages={821--829},
  year={2008},
  publisher={Cold Spring Harbor Lab}
}

@article{andrews2010fastqc,
  title={FASTQC. A quality control tool for high throughput sequence data},
  author={Andrews, S},
  journal={URL http://www. bioinformatics. babraham. ac. uk/projects/fastqc},
  year={2010}
}

@article{kurtz2004versatile,
  title={Versatile and open software for comparing large genomes},
  author={Kurtz, Stefan and Phillippy, Adam and Delcher, Arthur L and Smoot, Michael and Shumway, Martin and Antonescu, Corina and Salzberg, Steven L},
  journal={Genome biology},
  volume={5},
  number={2},
  pages={R12},
  year={2004},
  publisher={BioMed Central Ltd}
}

@article{silby2009genomic,
  title={Genomic and genetic analyses of diversity and plant interactions of Pseudomonas fluorescens},
  author={Silby, Mark W and Cerde{\~n}o-T{\'a}rraga, Ana M and Vernikos, Georgios S and Giddens, Stephen R and Jackson, Robert W and Preston, Gail M and Zhang, Xue-Xian and Moon, Christina D and Gehrig, Stefanie M and Godfrey, Scott AC and others},
  journal={Genome biology},
  volume={10},
  number={5},
  pages={R51},
  year={2009},
  publisher={BioMed Central Ltd}
}

@article{cock2009biopython,
  title={Biopython: freely available Python tools for computational molecular biology and bioinformatics},
  author={Cock, Peter JA and Antao, Tiago and Chang, Jeffrey T and Chapman, Brad A and Cox, Cymon J and Dalke, Andrew and Friedberg, Iddo and Hamelryck, Thomas and Kauff, Frank and Wilczynski, Bartek and others},
  journal={Bioinformatics},
  volume={25},
  number={11},
  pages={1422--1423},
  year={2009},
  publisher={Oxford Univ Press}
}



